<?xml version="1.0" encoding="UTF-8"?><collection xmlns="http://www.loc.gov/MARC21/slim"><record><leader>00563nam--2200193-i-4500</leader><controlfield tag="001">000010640</controlfield><controlfield tag="002">20161230</controlfield><controlfield tag="005">20161230201028</controlfield><controlfield tag="008">060222s1000------------r-----000-0-eng-d</controlfield><datafield ind1=" " ind2=" " tag="040"><subfield code="a">IFIN-HH</subfield></datafield><datafield ind1=" " ind2=" " tag="080"><subfield code="a">519.283</subfield></datafield><datafield ind1="1" ind2=" " tag="100"><subfield code="a">Tucker, A.W</subfield></datafield><datafield ind1="1" ind2="0" tag="245"><subfield code="a">Contributions to the theory of games</subfield><subfield code="b">Volume iv</subfield><subfield code="c">A.w. tucker, r.d. luce (eds.)</subfield></datafield><datafield ind1=" " ind2=" " tag="260"><subfield code="a">Princeton, New Jersey</subfield><subfield code="b">University Press</subfield><subfield code="c">1959</subfield></datafield><datafield ind1=" " ind2=" " tag="300"><subfield code="a">VII+453P</subfield></datafield><datafield ind1=" " ind2=" " tag="490"><subfield code="a">Annals Of Mathematics Studies</subfield><subfield code="v">Number 40</subfield></datafield><datafield ind1="1" ind2=" " tag="700"><subfield code="a">Luce, R.D</subfield><subfield code="e">Ed</subfield></datafield><datafield ind1=" " ind2=" " tag="852"><subfield code="a">11551</subfield><subfield code="c">519.283</subfield></datafield><datafield ind1=" " ind2=" " tag="CAT"><subfield code="a">Sys</subfield><subfield code="c">20130806</subfield><subfield code="h">110351</subfield></datafield></record></collection>